
@book{NumericalRecipes,
  title={{Numerical recipes in C}},
  author={Press, W.H. and others},
  year={1992},
  publisher={Cambridge University Press Cambridge},
  pages = {349--361},
  annote={This is my annotation. I can add in comments that are in \textbf{bold} and \em{italics} and then other content.},
}

% This is an example of a journal article. We use the variable defined at the
% top here - by typing aij, we get Artificial Intelligence journal title 
% without having to type it out
@article{HannahsPaper,
 author={Dee, H. M. and Hogg, D. C.},
 title={Navigational strategies in behaviour modelling},
 year=2009,
 journal=aij, 
 volume={173(2)}, 
 pages={329-342},
 annote={This is my annotation. I should add in a description here.}
}

}

@misc{smartphone_market,
  author="comScore",
 title={{comScore Reports February 2013 U.S. Smartphone Subscriber Market Share}},
 howpublished={\url{http://www.comscore.com/Insights/Press_Releases/2013/4/comScore_Reports_February_2013_U.S._Smartphone_Subscriber_Market_Share}},
 year=2013,
 annote={This is my annotation. I should add in a description here.}
}

@misc{smartphone_market,
  author="Google",
 title={{Apps - Google Play}},
 howpublished={\url{http://play.google.com/about/apps/}},
 year=2012,
 annote={This is my annotation. I should add in a description here.}
}