@INPROCEEDINGS{1234234,
author={Shrestha, R. and Yao Aihong}, 
booktitle={Computer Science and Automation Engineering (CSAE), 2012 IEEE International Conference on}, title={Design of secure location and message sharing system for android platform}, 
year={2012}, 
month={may}, 
volume={1}, 
number={}, 
pages={117 -121}, 
keywords={ALMSS;Android device;Android mobile user application;Android platform;Android-based location;JSON;Java programming language;MySQL;PHP programming language;Web server;data management problem;data portability problem;information privacy protection;message sharing system;secure location;symmetric cryptography;Internet;Java;SQL;cryptography;data privacy;mobile computing;operating systems (computers);telecommunication security;}, 
doi={10.1109/CSAE.2012.6272561}, 
ISSN={},}

@misc{google_maps_license,
 author={{Google Inc}},
 title={{Google Maps and Google Earth Content Rules \& Guidelines}},
 howpublished={\url{http://support.google.com/maps/bin/static.py?hl=en&ts=1342531&page=ts.cs}},
 note={Accessed October 2012},
}

@misc{google_maps_premier,
 author={{Google Inc}},
 title={{Google Maps API Premier}},
 howpublished={\url{http://support.google.com/maps/bin/static.py?hl=en&ts=1342531&page=ts.cs}},
 note={Accessed October 2012},
}

@misc{MapQuest,
 title={{MapQuest developers}},
 howpublished={\url{http://developer.mapquest.com/}},
 note={Accessed October 2012},
}